<?xml version="1.0" encoding="UTF-8"?><record xmlns="http://www.loc.gov/MARC21/slim" xmlns:cinclude="http://apache.org/cocoon/include/1.0" xmlns:zs="http://www.loc.gov/zing/srw/">
  <leader>00438cz  a2200121n  4500</leader>
  <controlfield tag="001">n  86046168 </controlfield>
  <controlfield tag="003">DLC</controlfield>
  <controlfield tag="005">20141209090437.0</controlfield>
  <controlfield tag="008">870721n| azannaab           |n aaa      </controlfield>
  <datafield tag="010" ind1=" " ind2=" ">
    <subfield code="a">n  86046168 </subfield>
  </datafield>
  <datafield tag="040" ind1=" " ind2=" ">
    <subfield code="a">DLC</subfield>
    <subfield code="b">eng</subfield>
    <subfield code="e">rda</subfield>
    <subfield code="c">DLC</subfield>
    <subfield code="d">DLC</subfield>
  </datafield>
  <datafield tag="100" ind1="1" ind2=" ">
    <subfield code="a">Tillotson, John H.</subfield>
  </datafield>
  <datafield tag="670" ind1=" " ind2=" ">
    <subfield code="a">Monastery and society in the late Middle Ages, 1988:</subfield>
    <subfield code="b">CIP t.p. (John H. Tillotson) pub. info. (sen. lect. in history at Austral. Nat. Univ., Ph.D., Austral. Nat. Univ.)</subfield>
  </datafield>
</record>